% Encoding: UTF-8

@Article{Acoustics,
  title = {Master Handbook of Acoustics},
  publisher = {McGraw Hill},
  year = {2001},
  author = {F. Alton Everest},
  edition = {4},
  pages = {60-61}
}

@Article{FMA,
  title = {Free Music Archive},
  author = {Michael Defferrard and Kirell Benzi and Pierre Vandergheynst and Xavier Bresson},
  year = {2017},
  DOI = {https://github.com/mdeff/fma}
}

@Book{Tufte01,
  title     = {The visual display of quantitative information},
  publisher = {Graphics Press},
  year      = {2001},
  author    = {Edward R. Tufte},
  address   = {Chesh\-ire, CT, USA},
  edition   = {2},
}

@Book{Tufte90,
  title     = {Envisioning information},
  publisher = {Graphics Press},
  year      = {1990},
  author    = {Tufte, Edward R.},
  address   = {Chesh\-ire, CT, USA},
}

@Comment{jabref-meta: databaseType:bibtex;}
